@online{OMS,
	author = {Organización Mundial de la Salud},
	title  = {Cáncer, Nota descriptiva 297},
	date   = {2015-02},
	url    = {http://www.who.int/mediacentre/factsheets/fs297/es/}
}